<record><leader>00000cas a2200000 a 4500</leader><controlfield tag="001">174120694</controlfield><controlfield tag="008">930914d19501953caumr ne      0    0eng c</controlfield><datafield ind1=" " ind2=" " tag="010"><subfield code="a">sn2011271151</subfield></datafield><datafield ind1=" " ind2=" " tag="040"><subfield code="a">CU-BANC</subfield><subfield code="b">eng</subfield><subfield code="c">RX3</subfield><subfield code="d">CNK</subfield><subfield code="d">OCLCQ</subfield><subfield code="d">OCLCF</subfield><subfield code="d">OCLCO</subfield></datafield><datafield ind1=" " ind2=" " tag="042"><subfield code="a">pcc</subfield></datafield><datafield ind1=" " ind2=" " tag="043"><subfield code="a">n-us-ca</subfield></datafield><datafield ind1="0" ind2="0" tag="245"><subfield code="a">Calico print.</subfield></datafield><datafield ind1=" " ind2=" " tag="260"><subfield code="a">Daggett, Calico Mining District, San Bernardino Co., Calif. :</subfield><subfield code="b">Grail Fuller</subfield></datafield><datafield ind1=" " ind2=" " tag="300"><subfield code="a">4 v. :</subfield><subfield code="b">ill. ;</subfield><subfield code="c">45 x 32 cm.</subfield></datafield><datafield ind1="0" ind2=" " tag="362"><subfield code="a">Vol. 6, no. 1 (May 1950)-v. 9, no. 6 (Nov. 1953).</subfield></datafield><datafield ind1=" " ind2=" " tag="500"><subfield code="a">Various ornaments, including the words "Ghost Town," appear on masthead.</subfield></datafield><datafield ind1=" " ind2=" " tag="500"><subfield code="a">Publication moves to Yermo, Calif., &lt;Nov. 1950&gt;.</subfield></datafield><datafield ind1=" " ind2=" " tag="500"><subfield code="a">Editor: May-Sept. 1950, Lucille Coke; Nov. 1950- Harold Weight ... [et al.].</subfield></datafield><datafield ind1=" " ind2=" " tag="515"><subfield code="a">Vol. 6, no. 6 (Oct. 1950) not published.</subfield></datafield><datafield ind1=" " ind2=" " tag="530"><subfield code="a">Master negatives are available for duplication from:</subfield><subfield code="b">California Newspaper Microfilm Archive;</subfield><subfield code="c">positive copies may be purchased by the reel; for further information consult the CNMA at:</subfield><subfield code="u">http://cbsr.ucr.edu</subfield></datafield><datafield ind1=" " ind2=" " tag="580"><subfield code="a">A revival of the original Calico print, a newspaper, published 1882-86? The new series commences with v.6.</subfield></datafield><datafield ind1=" " ind2="0" tag="651"><subfield code="a">Calico (Calif.)</subfield><subfield code="v">Newspapers.</subfield></datafield><datafield ind1=" " ind2="0" tag="651"><subfield code="a">Mojave Desert</subfield><subfield code="v">Newspapers.</subfield></datafield><datafield ind1=" " ind2="7" tag="655"><subfield code="a">Newspapers.</subfield><subfield code="2">fast</subfield><subfield code="0">(OCoLC)fst01423814</subfield></datafield><datafield ind1=" " ind2="7" tag="651"><subfield code="a">California</subfield><subfield code="z">Calico.</subfield><subfield code="2">fast</subfield><subfield code="0">(OCoLC)fst01269069</subfield></datafield><datafield ind1=" " ind2="7" tag="651"><subfield code="a">United States</subfield><subfield code="z">Mojave Desert.</subfield><subfield code="2">fast</subfield><subfield code="0">(OCoLC)fst01759349</subfield></datafield><datafield ind1="1" ind2=" " tag="700"><subfield code="a">Coke, Lucille B.</subfield></datafield><datafield ind1="1" ind2=" " tag="700"><subfield code="a">Weight, Harold.</subfield></datafield><datafield ind1=" " ind2=" " tag="752"><subfield code="a">United States</subfield><subfield code="b">California</subfield><subfield code="c">San Bernardino</subfield><subfield code="d">Yermo.</subfield></datafield><datafield ind1=" " ind2=" " tag="752"><subfield code="a">United States</subfield><subfield code="b">California</subfield><subfield code="c">San Bernardino</subfield><subfield code="d">Daggett.</subfield></datafield><datafield ind1="1" ind2=" " tag="787"><subfield code="t">Calico print</subfield><subfield code="c">(1882-1886)</subfield></datafield></record>